@inproceedings{cook1971complexity,
  title={The complexity of theorem-proving procedures},
  author={Cook, Stephen A},
  booktitle={Proceedings of the third annual ACM symposium on Theory of computing},
  pages={151--158},
  year={1971},
  organization={ACM}
}
@article{kaye2000minesweeper,
  title={Minesweeper is NP-complete},
  author={Kaye, Richard},
  journal={The Mathematical Intelligencer},
  volume={22},
  number={2},
  pages={9--15},
  year={2000},
  publisher={Springer}
}
